<record><leader>00000cas a22000007a 4500</leader><controlfield tag="001">12893443</controlfield><controlfield tag="008">851211d18871899utuwr ne      0    0eng d</controlfield><datafield ind1=" " ind2=" " tag="010"><subfield code="a">sn 85058345 </subfield></datafield><datafield ind1=" " ind2=" " tag="040"><subfield code="a">UNP</subfield><subfield code="b">eng</subfield><subfield code="c">UNP</subfield><subfield code="d">NPT</subfield><subfield code="d">NSD</subfield><subfield code="d">CNK</subfield><subfield code="d">OCLCQ</subfield></datafield><datafield ind1=" " ind2=" " tag="042"><subfield code="a">msc</subfield></datafield><datafield ind1="0" ind2="4" tag="245"><subfield code="a">The Richfield advocate.</subfield></datafield><datafield ind1="1" ind2="3" tag="246"><subfield code="a">Advocate</subfield><subfield code="f">&lt;Dec. 14, 1898&gt;-Jan. 11, 1899</subfield></datafield><datafield ind1=" " ind2=" " tag="260"><subfield code="a">Richfield, Utah :</subfield><subfield code="b">G. Hales,</subfield><subfield code="c">-1899.</subfield></datafield><datafield ind1=" " ind2=" " tag="300"><subfield code="a">v.</subfield></datafield><datafield ind1=" " ind2=" " tag="310"><subfield code="a">Weekly</subfield></datafield><datafield ind1="0" ind2=" " tag="362"><subfield code="a">-v. 12, no. 18 (Mar. 15, 1899).</subfield></datafield><datafield ind1="1" ind2=" " tag="362"><subfield code="a">Began in Nov. 1887.</subfield><subfield code="z">Cf. Alter, J.C. Early Utah journalism.</subfield></datafield><datafield ind1=" " ind2=" " tag="500"><subfield code="a">Published by Meteer Brothers &lt;Jan. 12, 1898-0ct. 12, 1898&gt;; A.B. Williams &lt;Dec. 14, 1898&gt;-Mar. 15, 1899.</subfield></datafield><datafield ind1=" " ind2=" " tag="515"><subfield code="a">Numbering is irregular.</subfield></datafield><datafield ind1=" " ind2=" " tag="515"><subfield code="a">Suspended with &lt;Oct. 12, 1898&gt; issue; resumed with &lt;Dec. 14, 1898&gt; issue.</subfield></datafield><datafield ind1=" " ind2=" " tag="588"><subfield code="a">Description based on: Vol. 2, no. 35 (July 3, 1889).</subfield></datafield><datafield ind1=" " ind2=" " tag="752"><subfield code="a">United States</subfield><subfield code="b">Utah</subfield><subfield code="c">Sevier</subfield><subfield code="d">Richfield.</subfield></datafield><datafield ind1="0" ind2="0" tag="785"><subfield code="t">Richfield reaper</subfield><subfield code="x">0746-6730</subfield><subfield code="w">(DLC)sn 83005396</subfield><subfield code="w">(OCoLC)10214260</subfield></datafield><datafield ind1="1" ind2=" " tag="029"><subfield code="a">AU@</subfield><subfield code="b">000023563435</subfield></datafield></record>